<collection xmlns="http://www.loc.gov/MARC21/slim"><record><leader>00706nam  2200217   450</leader><controlfield tag="001">830</controlfield><controlfield tag="003">http://montalegre.opacnet.com/OPAC/default.aspx?ContentAreaControl=ShowRegHoldings.ascx&amp;RegNo=16662</controlfield><datafield tag="095" ind1=" " ind2=" "><subfield code="a">PTBN00276533</subfield></datafield><datafield tag="100" ind1=" " ind2=" "><subfield code="a">20061013d1963    mm y0pora010305  ba</subfield></datafield><datafield tag="101" ind1="1" ind2=" "><subfield code="a">por</subfield><subfield code="c">fre</subfield></datafield><datafield tag="102" ind1=" " ind2=" "><subfield code="a">PT</subfield></datafield><datafield tag="200" ind1="1" ind2=" "><subfield code="a">&lt;A &gt;estrela do fundo dos mares</subfield><subfield code="f">Jacques Chabar</subfield><subfield code="g">trad. Soledade Summavielle</subfield></datafield><datafield tag="210" ind1=" " ind2=" "><subfield code="a">Lisboa</subfield><subfield code="c">Verbo</subfield><subfield code="d">1963</subfield></datafield><datafield tag="215" ind1=" " ind2=" "><subfield code="a">165 p.</subfield><subfield code="d">19 cm</subfield></datafield><datafield tag="225" ind1="2" ind2=" "><subfield code="a">Biblioteca da juventude</subfield><subfield code="i">Série A</subfield><subfield code="v">2</subfield></datafield><datafield tag="304" ind1=" " ind2=" "><subfield code="a">Tít. orig.: L'étoile du fond des mers</subfield></datafield><datafield tag="675" ind1=" " ind2=" "><subfield code="a">087.5</subfield><subfield code="v">BN</subfield><subfield code="z">por</subfield></datafield><datafield tag="700" ind1=" " ind2="1"><subfield code="a">Chabar</subfield><subfield code="b">Jacques</subfield></datafield><datafield tag="702" ind1=" " ind2="1"><subfield code="a">Summavielle</subfield><subfield code="b">Soledade</subfield><subfield code="4">730</subfield></datafield><datafield tag="801" ind1=" " ind2="0"><subfield code="a">PT</subfield><subfield code="b">BN</subfield><subfield code="g">RPC</subfield></datafield><datafield tag="856" ind1=" " ind2=" "><subfield code="u">locateMedia.asp?cod=20060626121938&amp;ext=jpg</subfield><subfield code="z">CAPA</subfield></datafield><datafield tag="909" ind1="&#9;" ind2=" "><subfield code="a">1</subfield></datafield><datafield tag="966" ind1=" " ind2=" "><subfield code="a">0003314</subfield><subfield code="l">BMM</subfield><subfield code="s">SJ 087.5 CHA est</subfield></datafield></record></collection>